@article{Bennett1996,
  doi       = {10.1086/310075},
  url       = {https://doi.org/10.1086/310075},
  year      = 1996,
  month     = {jun},
  publisher = {American Astronomical Society},
  volume    = {464},
  number    = {1},
  pages     = {L1--L4},
  author    = {C. L. Bennett and A. J. Banday and K. M. G{\'{o}}rski and G. Hinshaw and P. Jackson and P. Keegstra and A. Kogut and G. F. Smoot and D. T. Wilkinson and E. L. Wright},
  title     = {Four-Year [{ITAL}]{COBE}[/{ITAL}] {DMR} Cosmic Microwave Background Observations: Maps and Basic Results},
  journal   = {The Astrophysical Journal}
}
@article{Choi1999,
  author  = {Choi,Cheol Ho  and Ivanic,Joseph  and Gordon,Mark S.  and Ruedenberg,Klaus },
  title   = {Rapid and stable determination of rotation matrices between spherical harmonics by direct recursion},
  journal = {The Journal of Chemical Physics},
  volume  = {111},
  number  = {19},
  pages   = {8825-8831},
  year    = {1999},
  doi     = {10.1063/1.480229},
  url     = {https://doi.org/10.1063/1.480229},
  eprint  = {https://doi.org/10.1063/1.480229}
}
@inproceedings{Cobb2021,
  author    = {O.~J.~Cobb and C.~G.~R.~Wallis and A.~N.~Mavor-Parker and A.~Marignier and M.A.~Price and M.~d’Avezac and J.~D.~McEwen},
  booktitle = {International Conference on Learning Representations},
  eprint    = {arXiv:2010.11661},
  featured  = {true},
  month     = {Feb},
  pdf       = {papers/efficient_generalized_s2cnn.pdf},
  projects  = {fourpiai},
  pubtype   = {refereed},
  title     = {Efficient generalized spherical CNNs},
  year      = {2021}
}
@inproceedings{Cohen2018,
  title     = {Spherical {CNN}s},
  author    = {Taco S. Cohen and Mario Geiger and Jonas Köhler and Max Welling},
  booktitle = {International Conference on Learning Representations},
  year      = {2018},
  url       = {https://openreview.net/forum?id=Hkbd5xZRb}
}
@article{Driscoll1994,
  title   = {Computing Fourier Transforms and Convolutions on the 2-Sphere},
  journal = {Advances in Applied Mathematics},
  volume  = {15},
  number  = {2},
  pages   = {202-250},
  year    = {1994},
  issn    = {0196-8858},
  doi     = {https://doi.org/10.1006/aama.1994.1008},
  url     = {https://www.sciencedirect.com/science/article/pii/S0196885884710086},
  author  = {J.R. Driscoll and D.M. Healy}
}
@article{Esteves2020,
  author  = {Esteves, Carlos and Allen-Blanchette, Christine and Makadia, Ameesh and Daniilidis, Kostas},
  title   = {Learning SO(3) Equivariant Representations with Spherical CNNs},
  journal = {International Journal of Computer Vision},
  year    = {2020},
  month   = {Mar},
  day     = {01},
  volume  = {128},
  number  = {3},
  pages   = {588-600},
  issn    = {1573-1405},
  doi     = {10.1007/s11263-019-01220-1},
  url     = {https://doi.org/10.1007/s11263-019-01220-1}
}
@article{Kennedy2011,
  title   = {On azimuthally symmetric 2-sphere convolution},
  journal = {Digital Signal Processing},
  volume  = {21},
  number  = {5},
  pages   = {660-666},
  year    = {2011},
  note    = {DASP 2009 - DEFENSE APPLICATIONS OF SIGNAL PROCESSING},
  issn    = {1051-2004},
  doi     = {https://doi.org/10.1016/j.dsp.2011.05.002},
  url     = {https://www.sciencedirect.com/science/article/pii/S1051200411000893},
  author  = {Rodney A. Kennedy and Tharaka A. Lamahewa and Liying Wei}
}
@inproceedings{Khalid2012,
  author    = {Khalid, Zubair and Kennedy, Rodney A. and Sadeghi, Parastoo},
  booktitle = {2012 6th International Conference on Signal Processing and Communication Systems},
  title     = {Efficient computation of commutative anisotropic convolution on the 2-sphere},
  year      = {2012},
  volume    = {},
  number    = {},
  pages     = {1-7},
  doi       = {10.1109/ICSPCS.2012.6507990}
}
@article{McEwen2007,
  author  = {McEwen, Jason D. and Hobson, Michael P. and Mortlock, Daniel J. and Lasenby, Anthony N.},
  journal = {IEEE Transactions on Signal Processing},
  title   = {Fast Directional Continuous Spherical Wavelet Transform Algorithms},
  year    = {2007},
  volume  = {55},
  number  = {2},
  pages   = {520-529},
  doi     = {10.1109/TSP.2006.887148}
}
@article{McEwen2011,
  author  = {McEwen, Jason D. and Wiaux, Yves},
  journal = {IEEE Transactions on Signal Processing},
  title   = {A Novel Sampling Theorem on the Sphere},
  year    = {2011},
  volume  = {59},
  number  = {12},
  pages   = {5876-5887},
  doi     = {10.1109/TSP.2011.2166394}
}
@inproceedings{McEwen2013,
  author       = {Jason D. McEwen and Pierre Vandergheynst and Yves Wiaux},
  title        = {{On the computation of directional scale-discretized wavelet transforms on the sphere}},
  volume       = {8858},
  booktitle    = {Wavelets and Sparsity XV},
  editor       = {Dimitri Van De Ville and Vivek K. Goyal and Manos Papadakis},
  organization = {International Society for Optics and Photonics},
  publisher    = {SPIE},
  pages        = {117 -- 129},
  year         = {2013},
  doi          = {10.1117/12.2022889},
  url          = {https://doi.org/10.1117/12.2022889}
}
@article{Pavlis2013,
  author  = {Pavlis, Nikolaos K. and Holmes, Simon A. and Kenyon, Steve C. and Factor, John K.},
  title   = {The development and evaluation of the Earth Gravitational Model 2008 (EGM2008)},
  journal = {Journal of Geophysical Research: Solid Earth},
  volume  = {117},
  number  = {B4},
  pages   = {},
  doi     = {https://doi.org/10.1029/2011JB008916},
  url     = {https://agupubs.onlinelibrary.wiley.com/doi/abs/10.1029/2011JB008916},
  eprint  = {https://agupubs.onlinelibrary.wiley.com/doi/pdf/10.1029/2011JB008916},
  year    = {2012}
}
@article{Ramamoorthi2004,
  author     = {Ramamoorthi, Ravi and Hanrahan, Pat},
  title      = {A Signal-Processing Framework for Reflection},
  year       = {2004},
  issue_date = {October 2004},
  publisher  = {Association for Computing Machinery},
  address    = {New York, NY, USA},
  volume     = {23},
  number     = {4},
  issn       = {0730-0301},
  url        = {https://doi.org/10.1145/1027411.1027416},
  doi        = {10.1145/1027411.1027416},
  journal    = {ACM Trans. Graph.},
  month      = oct,
  pages      = {1004–1042},
  numpages   = {39}
}
@article{Sadeghi2012,
  author  = {Sadeghi, Parastoo and Kennedy, Rodney A. and Khalid, Zubair},
  journal = {IEEE Transactions on Signal Processing},
  title   = {Commutative Anisotropic Convolution on the 2-Sphere},
  year    = {2012},
  volume  = {60},
  number  = {12},
  pages   = {6697-6703},
  doi     = {10.1109/TSP.2012.2217337}
}
@article{Simons2006,
  author     = {Simons, Frederik J. and Dahlen, F. A. and Wieczorek, Mark A.},
  title      = {Spatiospectral Concentration on a Sphere},
  year       = {2006},
  issue_date = {2006},
  publisher  = {Society for Industrial and Applied Mathematics},
  address    = {USA},
  volume     = {48},
  number     = {3},
  issn       = {0036-1445},
  url        = {https://doi.org/10.1137/S0036144504445765},
  doi        = {10.1137/S0036144504445765},
  journal    = {SIAM Rev.},
  month      = mar,
  pages      = {504–536},
  numpages   = {33}
}
@article{Turcotte1981,
  author  = {Turcotte, D. L. and Willemann, R. J. and Haxby, W. F. and Norberry, John},
  title   = {Role of membrane stresses in the support of planetary topography},
  journal = {Journal of Geophysical Research: Solid Earth},
  volume  = {86},
  number  = {B5},
  pages   = {3951-3959},
  doi     = {https://doi.org/10.1029/JB086iB05p03951},
  url     = {https://agupubs.onlinelibrary.wiley.com/doi/abs/10.1029/JB086iB05p03951},
  eprint  = {https://agupubs.onlinelibrary.wiley.com/doi/pdf/10.1029/JB086iB05p03951},
  year    = {1981}
}
@article{Wandelt2001,
  title     = {Fast convolution on the sphere},
  author    = {Wandelt, Benjamin D. and G\'orski, Krzysztof M.},
  journal   = {Phys. Rev. D},
  volume    = {63},
  issue     = {12},
  pages     = {123002},
  numpages  = {6},
  year      = {2001},
  month     = {May},
  publisher = {American Physical Society},
  doi       = {10.1103/PhysRevD.63.123002},
  url       = {https://link.aps.org/doi/10.1103/PhysRevD.63.123002}
}
@article{Wei2011,
  author  = {Wei, Liying and Kennedy, Rodney A. and Lamahewa, Tharaka A.},
  journal = {IEEE Transactions on Signal Processing},
  title   = {Quadratic Variational Framework for Signal Design on the 2-Sphere},
  year    = {2011},
  volume  = {59},
  number  = {11},
  pages   = {5243-5252},
  doi     = {10.1109/TSP.2011.2162506}
}
@inproceedings{Wiaux2007,
  author       = {Jason D. McEwen and Pierre Vandergheynst and Yves Wiaux},
  title        = {{On the computation of directional scale-discretized wavelet transforms on the sphere}},
  volume       = {8858},
  booktitle    = {Wavelets and Sparsity XV},
  editor       = {Dimitri Van De Ville and Vivek K. Goyal and Manos Papadakis},
  organization = {International Society for Optics and Photonics},
  publisher    = {SPIE},
  pages        = {117 -- 129},
  year         = {2013},
  doi          = {10.1117/12.2022889},
  url          = {https://doi.org/10.1117/12.2022889}
}
